@Manual{hadley,
    title = {tidyverse: Easily Install and Load the 'Tidyverse'},
    author = {Hadley Wickham},
    year = {2017},
    note = {R package version 1.2.1},
    url = {https://CRAN.R-project.org/package=tidyverse},
}
 

@Manual{Rcore,
    title = {R: A Language and Environment for Statistical Computing},
    author = {{R Core Team}},
    organization = {R Foundation for Statistical Computing},
    address = {Vienna, Austria},
    year = {2017},
    url = {https://www.R-project.org/},
}

@Manual{rpart,
  title = {rpart: Recursive Partitioning and Regression Trees},
  author = {Terry Therneau and Beth Atkinson},
  year = {2018},
  note = {R package version 4.1-12},
  url = {https://CRAN.R-project.org/package=rpart},
}

@Manual{rpartPlot,
  title = {rpart.plot: Plot 'rpart' Models: An Enhanced Version of 'plot.rpart'},
  author = {Stephen Milborrow},
  year = {2017},
  note = {R package version 2.1.2},
  url = {https://CRAN.R-project.org/package=rpart.plot},
}

@article { gorman1988analysis,
  journal = "Neural Networks",
  author = "R Paul Gorman and Terrence J Sejnowski",
  title = "Analysis of hidden units in a layered network trained to classify sonar targets",
  pages = "75",
  volume = "1",
  year = "1988",
}


@Manual{mlbench,
  title = {mlbench: Machine Learning Benchmark Problems},
  author = {Friedrich Leisch and Evgenia Dimitriadou},
  year = {2010},
  note = {R package version 2.1-1},
}