@Manual{hadley,
    title = {tidyverse: Easily Install and Load the 'Tidyverse'},
    author = {Hadley Wickham},
    year = {2017},
    note = {R package version 1.2.1},
    url = {https://CRAN.R-project.org/package=tidyverse},
}
 

@Manual{Rcore,
    title = {R: A Language and Environment for Statistical Computing},
    author = {{R Core Team}},
    organization = {R Foundation for Statistical Computing},
    address = {Vienna, Austria},
    year = {2017},
    url = {https://www.R-project.org/},
}

@Manual{rpart,
  title = {rpart: Recursive Partitioning and Regression Trees},
  author = {Terry Therneau and Beth Atkinson},
  year = {2018},
  note = {R package version 4.1-12},
  url = {https://CRAN.R-project.org/package=rpart},
}

@Manual{rpartPlot,
  title = {rpart.plot: Plot 'rpart' Models: An Enhanced Version of 'plot.rpart'},
  author = {Stephen Milborrow},
  year = {2017},
  note = {R package version 2.1.2},
  url = {https://CRAN.R-project.org/package=rpart.plot},
}

@article { gorman1988analysis,
  journal = "Neural Networks",
  author = "R Paul Gorman and Terrence J Sejnowski",
  title = "Analysis of hidden units in a layered network trained to classify sonar targets",
  pages = "75",
  volume = "1",
  year = "1988",
}


@Manual{mlbench,
  title = {mlbench: Machine Learning Benchmark Problems},
  author = {Friedrich Leisch and Evgenia Dimitriadou},
  year = {2010},
  note = {R package version 2.1-1},
}

@Manual{GGally,
  title = {GGally: Extension to 'ggplot2'},
  author = {Barret Schloerke and Jason Crowley and Di Cook and Francois Briatte and Moritz Marbach and Edwin Thoen and Amos Elberg and Joseph Larmarange},
  year = {2017},
  note = {R package version 1.3.2},
  url = {https://CRAN.R-project.org/package=GGally},
}
  
@Manual{corrplot2017,
  title = {R package "corrplot": Visualization of a Correlation Matrix},
  author = {Taiyun Wei and Viliam Simko},
  year = {2017},
  note = {(Version 0.84)},
  url = {https://github.com/taiyun/corrplot},
}

@article{Fisman,
  author = {Fisman, Raymond and Iyengar, Sheena S. and Kamenica, Emir and Simonson, Itamar},
  title = {Gender Differences in Mate Selection: Evidence From a Speed Dating Experiment*},
  journal = {The Quarterly Journal of Economics},
  volume = {121},
  number = {2},
  pages = {673-697},
  year = {2006},
  doi = {10.1162/qjec.2006.121.2.673},
  URL = { + http://dx.doi.org/10.1162/qjec.2006.121.2.673},
  eprint = {/oup/backfile/content_public/journal/qje/121/2/10.1162/qjec.2006.121.2.673/2/121-2-673.pdf}
}

@Manual{farff,
  title = {farff: A Faster 'ARFF' File Reader and Writer},
  author = {Bernd Bischl and Jakob Bossek},
  year = {2016},
  note = {R package version 1.0},
  url = {https://CRAN.R-project.org/package=farff},
}